@article{snap14,  
  title  = {{SNAP Datasets: Stanford Large Network Dataset Collection}},
  author = {Leskovec, Jure and Krevl, Andrej},
  year   = {2014},
  month  = {06},
}

@article{suite19,
  title={{The SuiteSparse matrix collection website interface}},
  author={Kolodziej, Scott and Aznaveh, Mohsen and Bullock, Matthew and David, Jarrett and Davis, Timothy and Henderson, Matthew and Hu, Yifan and Sandstrom, Read},
  doi={10.21105/joss.01244},
  journal={The Journal of Open Source Software},
  volume={4},
  number={35},
  year={2019},
  month={Mar},
  pages={1244},
}

@inproceedings{pr-sticd16, 
  title  = {{STIC-D: Algorithmic Techniques For Efficient Parallel Pagerank Computation on Real-World Graphs}},
  author = {Garg, Paritosh and Kothapalli, Kishore},
  booktitle = {Proceedings of the 17th International Conference on Distributed Computing and Networking - ICDCN ’16},
  publisher = {ACM Press},
  isbn  = {9781450340328},
  doi   = {10.1145/2833312.2833322},
  year  = {2016},
  month = {01},
  pages = {1–-10},
}

@article{pr-param21,  
  title={{Adjusting PageRank parameters and Comparing results}},
  author={Sahu, Subhajit and Kothapalli, Kishore and Banerjee, Dip Sankar},
  year={2021},
  journal={}
}

@article{pr-volta21,  
  title={{Parallelizing PageRank for a Volta GPU}},
  url={https://gist.github.com/wolfram77/4ef16ab9699ac03a617b8731dd240e1f},
  author={{S. Sahu}},
  journal={},
  year={2021},
}

@article{pr-algo21,  
  title = {{STIC-D based Algorithmic Optimizations for Monolithic PageRank}},
  url   = {https://gist.github.com/wolfram77/12e5a19ff081b2e3280d04331a9976ca},
  author  = {Sahu, Subhajit},
  journal = {},
  year    = {2021},
}

@misc{gh-levl21, 
  title = {{Dynamic Batch Parallel Algorithms for Updating PageRank}},
  url   = {https://github.com/puzzlef/pagerank-multi-monolithic-vs-levelwise},
  author  = {Sahu, Subhajit},
  journal = {},
  year    = {2021},
}

@article{scc-sharir81,
  title = {{A strong-connectivity algorithm and its applications in data flow analysis}},
  author = {M. Sharir},
  doi = {https://doi.org/10.1016/0898-1221(81)90008-0},
  url = {https://www.sciencedirect.com/science/article/pii/0898122181900080},
  journal = {Computers \& Mathematics with Applications},
  volume = {7},
  number = {1},
  pages = {67-72},
  year = {1981},
  issn = {0898-1221},
}

@article{pr-deeper01,  
  title   = {{Deeper Inside PageRank}},
  author  = {Langville, Amy and Meyer, Carl},
  journal = {Internet mathematics},
  doi     = {10.1080/15427951.2004.10129091},
  volume  = {1},
  number  = {3},
  year    = {2004},
  month   = {01},
  pages   = {335-–380},
}

@misc{pr-kang,  
  title = {{Introduction to Data Mining: Lecture 10: Link Analysis-2}},
  url   = {https://ocw.snu.ac.kr/sites/default/files/NOTE/L10-linkanalysis2.pdf},
  journal = {Seoul National University},
  author  = {Kang, U},
}

@misc{pr-nvgraph,
  title={{rapidsai/nvgraph}},
  author={Fender, Alex and Thejaswi, N S and Rees, Brad},
  url={https://github.com/rapidsai/nvgraph/blob/main/cpp/src/pagerank.cu#L149},
  journal={}
}

@inbook{pr-whang15,
  title  = {{Scalable Data-Driven PageRank: Algorithms, System Issues, and Lessons Learned}},
  author = {Whang, Joyce Jiyoung and Lenharth, Andrew and Dhillon, Inderjit S. and Pingali, Keshav},
  booktitle = {Euro-Par 2015: Parallel Processing},
  publisher = {Springer Berlin Heidelberg},
  editor = {Träff, Jesper Larsson and Hunold, Sascha and Versaci, Francesco},
  collection = {Lecture notes in computer science},
  series     = {Lecture notes in computer science},
  volume = {9233},
  isbn   = {978-3-662-48095-3},
  doi    = {10.1007/978-3-662-48096-0_34},
  year   = {2015},
  pages  = {438–450},
  place  = {Berlin, Heidelberg},
}

@inproceedings{pr-arasu02,  
  title  = {{PageRank Computation and the Structure of the Web: Experiments and Algorithms}},
  author = {Arasu, Arvind and Novak, Jasmine and Tomlin, John},
  booktitle = {In Proceedings of the Eleventh International World Wide Web Conference, Poster Track},
  year  = {2002},
  pages = {107--117},
}

@book{pr-block03,  
  title  = {{Exploiting the Block Structure of the Web for Computing PageRank}},
  author = {Kamvar, Sepandar and Haveliwala, Taher and Manning, Christopher and Golub, Gene},
  institution = {Stanford},
  publisher = {},
  type   = {Technical Report},
  number = {2003-17},
  year   = {2003},
}

@inproceedings{pr-duong12,  
  title  = {{Parallel pagerank computation using GPUs}},
  author = {Duong, N.T. and Nguyen, Q.A.P. and Nguyen, A.T. and Nguyen, H.D.},
  booktitle = {In Proceedings of the Third Symposium on Information and Communication Technology},
  year  = {2012},
  pages = {223--230},
}

@inproceedings{pr-sarma13,  
  title  = {{Fast Distributed PageRank Computation}},
  author = {Das Sarma, Atish and Molla, Anisur Rahaman and Pandurangan, Gopal and Upfal, Eli},
  booktitle = {Distributed Computing and Networking},
  publisher = {Springer Berlin Heidelberg},
  address   = {Berlin, Heidelberg},
  year  = {2013},
  pages = {11--26},
}

@article{incr-ramalingam96,  
  title   = {{Bounded Incremental Computation}},
  author  = {G. Ramalingam},
  journal = {Lecture Notes in Computer Science},
  volume  = {1089},
  isbn = {3-540-61320-X},
  year = {1996},
}

@inproceedings{cent-shukla20,  
  title={{Efficient parallel algorithms for betweenness- and closeness-centrality in dynamic graphs}},
  author={Shukla, Kshitij and Regunta, Sai Charan and Tondomker, Sai Harsh and Kothapalli, Kishore},
  booktitle={ICS'20: 2020 International Conference on Supercomputing, Barcelona, Spain, June, 2020},
  editor={Eduard Ayguad{\'{e}} and Wen{-}mei W. Hwu and Rosa M. Badia and H. Peter Hofstee},
  publisher={ACM},
  pages={10:1--10:12},
  year={2020},
}

@article{sssp-khanda22,  
  title   = {{Efficient Parallel Algorithm for Shortest Path Updates in Dynamic Networks at Scale}},
  author  = {Arindam Khanda and Sriram Srinivasan and Sanjukta Bhowmick and Boyana Norris and Sajal K. Das},
  journal = {IEEE Trans. Parallel Distributed Syst.},
  volume  = {33},
  number  = {4},
  pages   = {929--940},
  year    = {2022},
}

@inproceedings{cc-mccoll13,  
  title     = {{A new parallel algorithm for connected components in dynamic graphs}},
  author    = {Robert McColl and Oded Green and David A. Bader},
  booktitle = {20th Annual International Conference on High Performance Computing, HiPC 2013, Bengaluru (Bangalore), Karnataka, India, December 18-21, 2013},
  publisher = {IEEE Computer Society},
  pages     = {246--255},
  year      = {2013},
}

@inproceedings{wu,
author = "J.~Wu and K.~Aberer",
title = "Using siterank for decentralized computation of web document ranking",
booktitle = "In Proc. of the Third Workshop on Adaptive Hypermedia and Adaptive Web-Based Systems" ,
year = "2004",
pages = "265--274",
}

@inproceedings{broder,
author = "A. ~Z.~Broder and R.~Lempel and F.~Maghoul and J.~O.~Pedersen",
title = "Efficient pagerank approximation via graph aggregation",
booktitle = "In Proceedings of the 13th international conference on World Wide Web",
year = "2004",
pages = "484--485",
}

@inproceedings{wang,
author = "Y.~Wang  and D.~J.~DeWitt",
title = "Computing pagerank in a distributed internet search engine system",
booktitle = " In Proceedings of the Thirtieth International Conference on Very Large Data Bases",
year = "2004",
pages = "420--431",
}

@inproceedings{eiron, 
author = " N.~Eiron and K.~S.~McCurley  and J.~A.~Tomlin",
title = "Ranking the web frontier",
booktitle = " In Proceedings of the 13th international conference on World Wide Web",
year = "2004",
pages = " 309--318",
}


@inproceedings{leskovec,
  author    = {Jure Leskovec and
               Kevin J. Lang and
               Anirban Dasgupta and
               Michael W. Mahoney},
  title     = {{Statistical properties of community structure in large social and
               information networks}},
  booktitle = {Proceedings of the 17th International Conference on World Wide Web,
               {WWW} 2008, Beijing, China, April 21-25, 2008},
  pages     = {695--704},
  publisher = {{ACM}},
  year      = {2008},
}

@inproceedings{kohlschutter, 
author = "C.~Kohlschutter and P.~A.~Chirita  and W.~Nejdl",
title = "Efficient parallel computation of pagerank",
booktitle = "In Proc. of the 28th European Conference on IR Research",
year = "2006",
pages = "241--252",
}

@article{broder00,
author = "A. ~Broder and R.~ Kumar and F.~ Maghoul and P.~Raghavan and S.~Rajagopalan and R.~Stata and A.~Tomkins  and J.~Wiener",
title = "Graph structure in the web",
journal = "Computer Networks",
volume = "33",
year = "2000",
pages = "309--320",
}

@book{zomaya,
author = "U.~Senanayake and M.~Piraveenan and A.~Zomaya",
year = "2015",
title = "The Pagerank-Index: Going beyond Citation Counts in Quantifying Scientific Impact of Researchers",
publisher = "",
booktitle = "PLoS ONE",
volume = "10(8)",
}

@article{protein,
author    = {G{\'{a}}bor Iv{\'{a}}n and
               Vince Grolmusz},
title     = {When the Web meets the cell: using personalized PageRank for analyzing
               protein interaction networks},
journal   = {Bioinform.},
volume    = {27},
number    = {3},
pages     = {405--407},
year      = {2011},
}

@article{neuro,
  author    = {David F. Gleich},
  title     = {PageRank Beyond the Web},
  journal   = {{SIAM} Rev.},
  volume    = {57},
  number    = {3},
  pages     = {321--363},
  year      = {2015},
}

@INPROCEEDINGS{hipc17,
  author={A.~Panyala and O.~Subasi  and M.~Halappanavar and A.~Kalyanaraman and D.~Chavarria-Miranda and S.~Krishnamoorthy},
  booktitle={IEEE 24th International Conference on High Performance Computing (HiPC)}, 
  title={Approximate Computing Techniques for Iterative Graph Algorithms}, 
  year={2017},
 pages={23-32},
 }
 
@techreport{page,
 title={{The PageRank citation ranking: Bringing order to the web.}},
 author={L.~Page  and S.~Brin and R.~Motwani  and T.~Winograd},
 year={1999},
 institution={Stanford InfoLab}
}

@article{jamour,
  author    = {Fuad T. Jamour and
               Spiros Skiadopoulos and
               Panos Kalnis},
  title     = {{Parallel Algorithm for Incremental Betweenness Centrality on Large Graphs}},
  journal   = {{IEEE} TPDS},
  volume    = {29},
  number    = {3},
  pages     = {659--672},
  year      = {2018},
}

@INPROCEEDINGS{hipc19,
  author={Giri, Hemant Kumar and Haque, Mridul and Banerjee, Dip Sankar},
  booktitle={Proc. IEEE 27th International Conference on High Performance Computing, Data, and Analytics (HiPC)}, 
  title={{HyPR: Hybrid Page Ranking on Evolving Graphs}},
  year={2020},
  volume={},
  number={},
  pages={62-71},
}

@article{eppstein,
  title = {{Sparsification --- A technique for speeding up dynamic graph algorithms}},
  author = {David Eppstein and Zvi Galil and Giuseppe F. Italiano and Amnon
    Nissenzweig},
  journal = {J. ACM},
  publisher = {ACM},
  volume = {44},
  number = {5},
  pages = {669--696},
  month = {September},
  year = {1997},
  url = {http://doi.acm.org/10.1145/265910.265914},
  review = {MR-98k:68039}
  }
  
@inproceedings{ipdps22, 
title = "Parallel fully dynamic maintenance of 2-connected component",
author = "C.~A.~ Haryan and G.~Ramakrishna and D. S. Banerjee and K.~Kothapalli",
booktitle = "in Proc. IEEE IPDPS",
year = "2022",
comment = "to appear",
}
